@book{sutton:18,
  author    = {Sutton, Richard S and Barto, Andrew G},
  title     = {Reinforcement learning: An introduction},
  year      = {2018},
  edition   = {2nd}, 
  publisher = {MIT press}
}

@article{francois:18,
  author  = {Fran{\c{c}}ois-Lavet, Vincent and Henderson, Peter and Islam, Riashat and Bellemare, Marc G and Pineau, Joelle},
  title   = {An introduction to deep reinforcement learning},
  volume  = {11},
  number  = {3--4},
  pages   = {219--354},
  year    = {2018},
  journal = {Foundations and Trends in Machine Learning},
}

@article{mnih:15,
  author  = {Mnih, Volodymyr and Kavukcuoglu, Koray and Silver, David and Rusu, Andrei A. and Veness, Joel and Bellemare, Marc G. and Graves, Alex and Riedmiller, Martin and Fidjeland, Andreas K. and Ostrovski, Georg and Petersen, Stig and Beattie, Charles and Sadik, Amir and Antonoglou, Ioannis and King, Helen and Kumaran, Dharshan and Wierstra, Daan and Legg, Shane and Hassabis, Demis},
  title   = {Human-level control through deep reinforcement learning},
  journal = {Nature},
  month   = {Feb},
  number  = {7540},
  pages   = {529--533},
  volume  = {518},
  year    = {2015},
  publisher = {Nature Publishing Group},
}

@inproceedings{van:16,
  author    = {Van Hasselt, Hado and Guez, Arthur and Silver, David},
  title     = {Deep reinforcement learning with double q-learning},
  booktitle = {Thirtieth AAAI Conference on Artificial Intelligence},
  year      = {2016}
}

@article{schaul:15,
  author  = {Schaul, Tom and Quan, John and Antonoglou, Ioannis and Silver, David},
  title   = {Prioritized experience replay},
  journal = {arXiv preprint},
  year    = {2015}
}